@book{silverman1,
  title={The Arithmetic of Elliptic Curves},
  author={Silverman, J.H.},
  isbn={9780387094946},
  lccn={2009926474},
  series={Graduate Texts in Mathematics},
  url={https://books.google.com/books?id=Z90CA\_EUCCkC},
  year={2009},
  publisher={Springer}
}
