@book{serre2012course,
	title={A Course in Arithmetic},
	author={Serre, J.P.},
	isbn={9781468498844},
	series={Graduate Texts in Mathematics},
	url={https://books.google.com/books?id=8fPTBwAAQBAJ},
	year={2012},
	publisher={Springer New York}
}

@unpublished{ralphscourse,
  Author = {Greenberg, Ralph},
  Institution = {University of Washington},
  Year = {Spring 2015},
  Title = {Math 583{C}: Counting {P}oints on {V}arieties}
}

@book{washington1997introduction,
  title={Introduction to Cyclotomic Fields},
  author={Washington, L.C.},
  isbn={9780387947624},
  lccn={96013169},
  series={Graduate Texts in Mathematics},
  url={http://books.google.com/books?id=qea\_OXafBFoC},
  year={1997},
  publisher={Springer New York}
}

@book{ireland2013classical,
  title={A Classical Introduction to Modern Number Theory},
  author={Ireland, K.},
  isbn={9781475717792},
  series={Graduate Texts in Mathematics},
  url={https://books.google.com/books?id=RDzrBwAAQBAJ},
  year={2013},
  publisher={Springer New York}
}

@BOOK{milneEC,
	title={Elliptic Curves},
	author={J.S. Milne},
	year={2006},
	publisher={BookSurge Publishers},
	pages={238+viii},
	isbn={1-4196-5257-5}
}

@misc{weston,
	author={Weston, Tom},
	title={The modular curves X0(11) and X1(11)},
	year={2012},
	journal={http://swc.math.arizona.edu/aws/2001/01Weston1.pdf}
}

@book{hartshorne,
  title={Algebraic Geometry},
  author={Hartshorne, R.},
  isbn={9780387902449},
  lccn={lc77001177},
  series={Encyclopaedia of mathematical sciences},
  url={https://books.google.com/books?id=3rtX9t-nnvwC},
  year={1977},
  publisher={Springer}
}


@BOOK{diamondshurman, 
	title={A First Course in Modular Forms (Graduate Texts in Mathematics, Vol. 228)},
	author={Fred Diamond and Jerry Shurman},
	publisher={Springer},
	year={2007},
	month={4},
	edition={1st},
	isbn={9780387232294},
	url={http://amazon.com/o/ASIN/038723229X/},
	price={$74.95},
	totalpages={436},
	timestamp={2015.01.08}
}

@BOOK{dessins, 
	title={Introduction to Compact Riemann Surfaces and Dessins d'Enfants (London Mathematical Society Student Texts)},
	author={Ernesto Girondo and Gabino Gonz√°lez-Diez},
	publisher={Cambridge University Press},
	year={2012},
	month={2},
	edition={1},
	isbn={9780521740227},
	url={http://amazon.com/o/ASIN/0521740223/},
	price={$49.99},
	totalpages={310},
	timestamp={2015.01.08}
}

@book{silverman1,
  title={The Arithmetic of Elliptic Curves},
  author={Silverman, J.H.},
  isbn={9780387094946},
  lccn={2009926474},
  series={Graduate Texts in Mathematics},
  url={https://books.google.com/books?id=Z90CA\_EUCCkC},
  year={2009},
  publisher={Springer}
}

@misc{cryptoeprint:2008:390,
    author = {Ann Hibner Koblitz and Neal Koblitz and Alfred Menezes},
    title = {Elliptic Curve Cryptography: The Serpentine Course of a Paradigm Shift},
    howpublished = {Cryptology ePrint Archive, Report 2008/390},
    year = {2008},
    note = {\url{http://eprint.iacr.org/}},
}

@misc{milneAV,
	author={Milne, James S.},
	title={Abelian Varieties (v2.00)},
	year={2008},
	note={Available at www.jmilne.org/math/},
	pages={166+vi}
}

@book{liu2006algebraic,
  title={Algebraic Geometry and Arithmetic Curves},
  author={Liu, Q. and Erne, R.Q.},
  isbn={9780191547805},
  series={Oxford Graduate Texts in Mathematics},
  url={https://books.google.com/books?id=uaLKdA0PxS4C},
  year={2006},
  publisher={OUP Oxford}
}

@book{siegel2008analytic,
  title={Analytic Functions of Several Complex Variables: Lectures Delivered at the Institute for Advanced Study, 1948-1949},
  author={Siegel, C.L. and Bateman, P.T. and Institute for Advanced Study (Princeton, N.J.)},
  isbn={9780979318375},
  url={https://books.google.com/books?id=bqPoXwAACAAJ},
  year={2008},
  publisher={Kendrick Press}
}
