@Book{orlik_terao,
 author    = "Peter Orlik and Hiroaki Terao",
 title     = "Arrangements of Hyperplanes",
 publisher = "Springer",
 year      =  1992
}

@Book{herzog_hibi,
 author    = "Jurgen Herzog and Takayuki Hibi",
 title     = "Monomial Ideals",
 publisher = "Springer",
 year      =  2011
}

@Article{sergey,
  author =    {Sergey Yuzvinsky},
  title =     {Orlik-Solomon algebras in algebra and topology},
  journal =   "Russian Mathematical Surveys",
  year =      {2001},
  volume =    {56},
  number =    {2},
  pages =     {293-364}
}

@Article{orlik_solomon,
  author =    {Peter Orlik and Louis Solomon},
  title =     {Combinatorics and Topology of Complements of Hyperplanes},
  journal =   "Inventiones Mathematicae",
  year =      {1980},
  volume =    {56},
  pages =     {167-189}
}

@Book{khesin_wendt,
  author =    {Boris A. Khesin and Robert Wendt},
  title =     {The Geometry of Infinite-dimensional Groups},
  publisher = "Springer",
  year      =  2009
}

@Book{hatcher,
  author =    {Allen Hatcher},
  title =     {Algebraic Topology},
  publisher = "Cambridge University Press",
  year      =  2001
}