@BOOK{milne,
	title={Elliptic Curves},
	author={J.S. Milne},
	year={2006},
	publisher={BookSurge Publishers},
	pages={238+viii},
	isbn={1-4196-5257-5}
}

@misc{weston,
	author={Weston, Tom},
	title={The modular curves X0(11) and X1(11)},
	year={2012},
	journal={http://swc.math.arizona.edu/aws/2001/01Weston1.pdf}
}

@book{hartshorne,
  title={Algebraic Geometry},
  author={Hartshorne, R.},
  isbn={9780387902449},
  lccn={lc77001177},
  series={Encyclopaedia of mathematical sciences},
  url={https://books.google.com/books?id=3rtX9t-nnvwC},
  year={1977},
  publisher={Springer}
}


@BOOK{diamondshurman, 
	title={A First Course in Modular Forms (Graduate Texts in Mathematics, Vol. 228)},
	author={Fred Diamond and Jerry Shurman},
	publisher={Springer},
	year={2007},
	month={4},
	edition={1st},
	isbn={9780387232294},
	url={http://amazon.com/o/ASIN/038723229X/},
	price={$74.95},
	totalpages={436},
	timestamp={2015.01.08}
}

@BOOK{dessins, 
	title={Introduction to Compact Riemann Surfaces and Dessins d'Enfants (London Mathematical Society Student Texts)},
	author={Ernesto Girondo and Gabino Gonz√°lez-Diez},
	publisher={Cambridge University Press},
	year={2012},
	month={2},
	edition={1},
	isbn={9780521740227},
	url={http://amazon.com/o/ASIN/0521740223/},
	price={$49.99},
	totalpages={310},
	timestamp={2015.01.08}
}

@book{silverman1,
  title={The Arithmetic of Elliptic Curves},
  author={Silverman, J.H.},
  isbn={9780387094946},
  lccn={2009926474},
  series={Graduate Texts in Mathematics},
  url={https://books.google.com/books?id=Z90CA\_EUCCkC},
  year={2009},
  publisher={Springer}
}
