@book{serre2012course,
	title={A Course in Arithmetic},
	author={Serre, J.P.},
	isbn={9781468498844},
	series={Graduate Texts in Mathematics},
	url={https://books.google.com/books?id=8fPTBwAAQBAJ},
	year={2012},
	publisher={Springer New York}
}

@unpublished{ralphscourse,
  Author = {Greenberg, Ralph},
  Institution = {University of Washington},
  Year = {Spring 2015},
  Title = {Math 583{C}: Counting {P}oints on {V}arieties}
}