
@book{serre2012course,
	title={A Course in Arithmetic},
	author={Serre, J.P.},
	isbn={9781468498844},
	series={Graduate Texts in Mathematics},
	url={https://books.google.com/books?id=8fPTBwAAQBAJ},
	year={2012},
	publisher={Springer New York}
}

@unpublished{ralphscourse,
	Author = {Greenberg, Ralph},
	Institution = {University of Washington},
	Year = {Spring 2015},
	Title = {Math 583{C}: Counting {P}oints on {V}arieties}
}

@book{washington1997introduction,
	title={Introduction to Cyclotomic Fields},
	author={Washington, L.C.},
	isbn={9780387947624},
	lccn={96013169},
	series={Graduate Texts in Mathematics},
	url={http://books.google.com/books?id=qea\_OXafBFoC},
	year={1997},
	publisher={Springer New York}
}

@book{ireland2013classical,
	title={A Classical Introduction to Modern Number Theory},
	author={Ireland, K.},
	isbn={9781475717792},
	series={Graduate Texts in Mathematics},
	url={https://books.google.com/books?id=RDzrBwAAQBAJ},
	year={2013},
	publisher={Springer New York}
}

@book{silverman2009arithmetic,
	title={The Arithmetic of Elliptic Curves},
	author={Silverman, J.H.},
	isbn={9780387094946},
	lccn={2009926474},
	series={Graduate Texts in Mathematics},
	url={https://books.google.com/books?id=Z90CA\_EUCCkC},
	year={2009},
	publisher={Springer}
}

@book{mumford2008abelian,
	title={Abelian Varieties},
	author={Mumford, D.},
	isbn={9788185931869},
	series={Studies in mathematics},
	url={https://books.google.com/books?id=J81jPwAACAAJ},
	year={2008},
	publisher={Mumbai}
}

@article{Koblitz2011781,
	title = "Elliptic curve cryptography: The serpentine course of a paradigm shift ",
	journal = "Journal of Number Theory ",
	volume = "131",
	number = "5",
	pages = "781 - 814",
	year = "2011",
	note = "Elliptic Curve Cryptography ",
	issn = "0022-314X",
	doi = "http://dx.doi.org/10.1016/j.jnt.2009.01.006",
	url = "http://www.sciencedirect.com/science/article/pii/S0022314X09000481",
	author = "Ann Hibner Koblitz and Neal Koblitz and Alfred Menezes",
	keywords = "Cryptography",
	keywords = "Public key",
	keywords = "Elliptic curve",
	keywords = "Social construction of science",
	keywords = "Social construction of technology "
}

@article{koblitz2011elliptic,
	title={Elliptic curve cryptography: The serpentine course of a paradigm shift},
	author={Koblitz, Ann Hibner and Koblitz, Neal and Menezes, Alfred},
	journal={Journal of Number theory},
	volume={131},
	number={5},
	pages={781--814},
	year={2011},
	publisher={Elsevier},
	url={http://www.sciencedirect.com/science/article/pii/S0022314X09000481},
	eprint={http://eprint.iacr.org/2008/390.pdf}
}

@book{cohen1993course,
	title={A Course in Computational Algebraic Number Theory},
	author={Cohen, H.},
	isbn={9783540556404},
	lccn={96044745},
	series={Graduate Texts in Mathematics},
	url={https://books.google.com/books?id=hXGr-9l1DXcC},
	year={1993},
	publisher={Springer}
}

@book{marcus2012number,
	title={Number Fields},
	author={Marcus, D.A.},
	isbn={9781468493566},
	series={Universitext},
	url={https://books.google.com/books?id=kmnlBwAAQBAJ},
	year={2012},
	publisher={Springer New York}
}

@article{galbreith1999isogenies,
	author = {Galbraith,Steven D.},
	title = {Constructing Isogenies between Elliptic Curves Over Finite Fields},
	journal = {LMS Journal of Computation and Mathematics},
	volume = {2},
	year = {1999},
	issn = {1461-1570},
	pages = {118--138},
	numpages = {21},
	doi = {10.1112/S1461157000000097},
	URL = {http://journals.cambridge.org/article_S1461157000000097},
}

@book{blake1999elliptic,
	title={Elliptic Curves in Cryptography},
	author={Blake, I.F. and Seroussi, G. and Smart, N.},
	isbn={9780521653749},
	lccn={99019696},
	series={Lecture note series},
	url={https://books.google.com/books?id=0\_vegzgyqGMC},
	year={1999},
	publisher={Cambridge University Press}
}

@article{gaudry2002comparison,
	title={A comparison and a combination of SST and AGM algorithms for counting points of elliptic curves in characteristic 2},
	author={Gaudry, Pierrick},
	booktitle={Advances in cryptologyâ€”ASIACRYPT 2002},
	pages={311--327},
	year={2002},
	url={http://www.iacr.org/archive/asiacrypt2002/25010309/25010309.pdf},
	publisher={Springer}
}

@misc{milneCFT,
	author={J.S. Milne},
	title={Class Field Theory (v4.02)},
	year={2013},
	note={Available at www.jmilne.org/math/},
	pages={281+viii}
}

@misc{milneFT,
	author={Milne, James S.},
	title={Fields and Galois Theory (v4.50)},
	year={2014},
	note={Available at www.jmilne.org/math/},
	pages={138}
}

@book{hartshorne1977algebraic,
	title={Algebraic Geometry},
	author={Hartshorne, R.},
	isbn={9780387902449},
	lccn={lc77001177},
	series={Graduate Texts in Mathematics},
	url={https://books.google.com/books?id=3rtX9t-nnvwC},
	year={1977},
	publisher={Springer}
}

@book{silverman1994advanced,
	title={Advanced Topics in the Arithmetic of Elliptic Curves},
	author={Silverman, J.H.},
	isbn={9781461208518},
	series={Graduate Texts in Mathematics},
	url={https://books.google.com/books?id=VIJ3BQAAQBAJ},
	year={1994},
	publisher={Springer New York}
}

@misc{milneANT,
	author={Milne, James S.},
	title={Algebraic Number Theory (v3.05)},
	year={2013},
	note={Available at www.jmilne.org/math/},
	pages={161}
}

@book{neukirch2013algebraic,
	title={Algebraic Number Theory},
	author={Neukirch, J. and Schappacher, N.},
	isbn={9783662039830},
	series={Grundlehren der mathematischen Wissenschaften},
	url={https://books.google.com/books?id=hS3qCAAAQBAJ},
	year={2013},
	publisher={Springer Berlin Heidelberg}
}

@book{hankerson2004guide,
	title={Guide to Elliptic Curve Cryptography},
	author={Hankerson, D. and Vanstone, S. and Menezes, A.J.},
	isbn={9780387952734},
	lccn={2003059137},
	series={Springer Professional Computing},
	url={https://books.google.com/books?id=bhMPt3I3J\_UC},
	year={2004},
	publisher={Springer}
}

@article{nigel1997trace1,
	year={1999},
	issn={0933-2790},
	journal={Journal of Cryptology},
	volume={12},
	number={3},
	doi={10.1007/s001459900052},
	title={The Discrete Logarithm Problem on Elliptic Curves of Trace One},
	url={http://dx.doi.org/10.1007/s001459900052},
	publisher={Springer-Verlag},
	keywords={Key words. 2pt},
	author={Smart, N. P.},
	pages={193-196},
	language={English}
}

@misc{fips2013,
	title={Fips pub 186-4: Digital signature standard, dss},
	author={Gallagher, P and Kerry, C},
	year={2013},
	publisher={NIST},
	url={http://nvlpubs.nist.gov/nistpubs/FIPS/NIST.FIPS.186-4.pdf},
	website={http://csrc.nist.gov/groups/ST/toolkit/digital_signatures.html}
}

@book{lang2012elliptic,
	title={Elliptic Functions},
	author={Lang, S.},
	isbn={9781461247524},
	series={Graduate Texts in Mathematics},
	url={https://books.google.com/books?id=3MkFCAAAQBAJ},
	year={2012},
	publisher={Springer New York}
}

@article{menezes1993reducing,
  title={Reducing elliptic curve logarithms to logarithms in a finite field},
  author={Menezes, Alfred J and Okamoto, Tatsuaki and Vanstone, Scott and others},
  journal={Information Theory, IEEE Transactions on},
  volume={39},
  number={5},
  pages={1639--1646},
  year={1993},
  url={http://dl.acm.org/citation.cfm?id=103434},
  publisher={IEEE}
}

@book{milne2006EC,
	author={J.S. Milne},
	title={Elliptic Curves},
	year={2006},
	publisher={BookSurge Publishers},
	pages={238+viii},
	isbn={1-4196-5257-5}
}

@article{miyaji2001new,
	title={New explicit conditions of elliptic curve traces for {FR}-reduction},
	author={Miyaji, Atsuko and Nakabayashi, Masaki and Takano, Shunzou},
	journal={IEICE transactions on fundamentals of electronics, communications and computer sciences},
	volume={84},
	number={5},
	pages={1234--1243},
	year={2001},
	publisher={The Institute of Electronics, Information and Communication Engineers}
}

@article{rubin2010choosing,
	title={Choosing the correct elliptic curve in the {CM} method},
	author={Rubin, Karl and Silverberg, Alice},
	journal={Mathematics of Computation},
	volume={79},
	number={269},
	pages={545--561},
	year={2010},
	url={https://eprint.iacr.org/2007/253.pdf}
}

@incollection{barreto2006pairing,
	year={2006},
	isbn={978-3-540-33108-7},
	booktitle={Selected Areas in Cryptography},
	volume={3897},
	series={Lecture Notes in Computer Science},
	editor={Preneel, Bart and Tavares, Stafford},
	doi={10.1007/11693383_22},
	title={Pairing-Friendly Elliptic Curves of Prime Order},
	url={http://dx.doi.org/10.1007/11693383_22},
	publisher={Springer Berlin Heidelberg},
	keywords={elliptic curves; pairing-based cryptosystems},
	author={Barreto, PauloS.L.M. and Naehrig, Michael},
	pages={319-331},
	language={English}
}

@incollection{barreto2003constructing,
	title={Constructing elliptic curves with prescribed embedding degrees},
	author={Barreto, Paulo SLM and Lynn, Ben and Scott, Michael},
	booktitle={Security in Communication Networks},
	pages={257--267},
	year={2003},
	publisher={Springer},
	url= {http://eprint.iacr.org/2002/088.pdf}
}

@ARTICLE{ieee2000standards, 
	journal={IEEE Std 1363-2000}, 
	title={IEEE Standard Specifications for Public-Key Cryptography}, 
	year={2000}, 
	month={Aug}, 
	pages={1-228}, 
	keywords={IEEE standards;message authentication;public key cryptography;telecommunication standards;IEEE standard specifications;cryptographic parameters;cryptographic schemes;digital signatures;key derivation;mathematical primitives;private keys;public-key cryptography;public-key encryption;secret value derivation;IEEE standards;digital signature;encryption;key agreement;public-key cryptography}, 
	doi={10.1109/IEEESTD.2000.92292}
}

@article{sutherland2013isogeny,
	title={Isogeny volcanoes},
	author={Sutherland, Andrew},
	journal={The Open Book Series},
	volume={1},
	number={1},
	pages={507--530},
	year={2013},
	publisher={Mathematical Sciences Publishers},
	url={http://arxiv.org/pdf/1208.5370v3.pdf}
}

@article{miller1976riemann,
	author="Gary L. Miller",
	title="Riemann's Hypothesis and Tests for Primality",
	Journal="Journal of Computer and System Sciences",
	year="1976",
	pages="300--317",
	month="December",
	volume="13",
	note="invited publication",
	thanks="NSF GJ-35604X1",
	number="3",
	bib2html_rescat = {Computational Number Theory},  
	pdf="Publications/RiemannsHypothesisandTestsforPrimality.pdf",
	url={https://www.cs.cmu.edu/~glmiller/Publications/Papers/Mi76.pdf}
}

@phdthesis{kohel1996endomorphism,
	title={Endomorphism rings of elliptic curves over finite fields},
	author={Kohel, David},
	year={1996},
	school={UNIVERSITY of CALIFORNIA at BERKELEY},
	url={http://echidna.maths.usyd.edu.au/~kohel/pub/thesis.pdf}
}

@misc{milneAG,
	author={Milne, James S.},
	title={Algebraic Geometry (v5.22)},
	year={2012},
	note={Available at www.jmilne.org/math/},
	pages={260}
}

@misc{milneAV,
	author={Milne, James S.},
	title={Abelian Varieties (v2.00)},
	year={2008},
	note={Available at www.jmilne.org/math/},
	pages={166+vi}
}

@book{liu2006algebraic,
	title={Algebraic Geometry and Arithmetic Curves},
	author={Liu, Q. and Erne, R.Q.},
	isbn={9780191547805},
	series={Oxford Graduate Texts in Mathematics},
	url={https://books.google.com/books?id=uaLKdA0PxS4C},
	year={2006},
	publisher={OUP Oxford}
}

@book{siegel2008analytic,
	title={Analytic Functions of Several Complex Variables: Lectures Delivered at the Institute for Advanced Study, 1948-1949},
	author={Siegel, C.L. and Bateman, P.T. and Institute for Advanced Study (Princeton, N.J.)},
	isbn={9780979318375},
	url={https://books.google.com/books?id=bqPoXwAACAAJ},
	year={2008},
	publisher={Kendrick Press}
}

@misc{weston2012modular,
	author={Weston, Tom},
	title={The modular curves X0(11) and X1(11)},
	year={2012},
	journal={http://swc.math.arizona.edu/aws/2001/01Weston1.pdf}
}

@book{bosch2012neron,
	title={N{\'e}ron Models},
	author={Bosch, S. and L{\"u}tkebohmert, W. and Raynaud, M.},
	isbn={9783642514388},
	series={Ergebnisse der Mathematik und ihrer Grenzgebiete. 3. Folge / A Series of Modern Surveys in Mathematics},
	url={https://books.google.com/books?id=BNfnCAAAQBAJ},
	year={2012},
	publisher={Springer Berlin Heidelberg}
}

@article{balasubramanian1998improbability,
	title={The improbability that an elliptic curve has subexponential discrete log problem under the Menezesâ€”Okamotoâ€”Vanstone algorithm},
	author={Balasubramanian, Ramachandran and Koblitz, Neal},
	journal={Journal of cryptology},
	volume={11},
	number={2},
	pages={141--145},
	year={1998},
	publisher={Springer},
	url={http://link.springer.com/article/10.1007%2Fs001459900040}
}

@misc{milneLEC,
	author={Milne, James S.},
	title={Lectures on Etale Cohomology (v2.21)},
	year={2013},
	note={Available at www.jmilne.org/math/},
	pages={202},
	url={http://www.jmilne.org/math/CourseNotes/LEC.pdf}
}

@article{serre1968good,
	title={Good reduction of abelian varieties},
	author={Serre, Jean-Pierre and Tate, John},
	journal={Annals of Mathematics},
	pages={492--517},
	year={1968},
	publisher={JSTOR}
}

@inproceedings{miele2015efficient,
	title={Efficient ephemeral elliptic curve cryptographic keys},
	author={Miele, Andrea and Lenstra, Arjen K},
	booktitle={NIST Workshop on Elliptic Curve Cryptography Standards},
	year={2015},
	url={https://eprint.iacr.org/2015/647.pdf}
}

@inproceedings{lenstra1999efficient,
	title={Efficient identity based parameter selection for elliptic curve cryptosystems},
	author={Lenstra, Arjen K},
	booktitle={Information Security and Privacy},
	pages={294--302},
	year={1999},
	organization={Springer},
	url={http://infoscience.epfl.ch/record/149483/files/EPFL-CONF-149483.pdf}
}

@article{broker2007efficient,
	title={Efficient CM-constructions of elliptic curves over finite fields},
	author={Br{\"o}ker, Reinier and Stevenhagen, Peter},
	journal={Mathematics of Computation},
	volume={76},
	number={260},
	pages={2161--2179},
	year={2007},
	url={http://www.math.brown.edu/~reinier/constructingcurves.pdf}
}

@book{ireland2013classical,
	title={A classical introduction to modern number theory},
	author={Ireland, Kenneth and Rosen, Michael},
	volume={84},
	year={2013},
	publisher={Springer Science \& Business Media}
}
