@book{serre2012course,
	title={A Course in Arithmetic},
	author={Serre, J.P.},
	isbn={9781468498844},
	series={Graduate Texts in Mathematics},
	url={https://books.google.com/books?id=8fPTBwAAQBAJ},
	year={2012},
	publisher={Springer New York}
}

@unpublished{ralphscourse,
  Author = {Greenberg, Ralph},
  Institution = {University of Washington},
  Year = {Spring 2015},
  Title = {Math 583{C}: Counting {P}oints on {V}arieties}
}

@book{washington1997introduction,
  title={Introduction to Cyclotomic Fields},
  author={Washington, L.C.},
  isbn={9780387947624},
  lccn={96013169},
  series={Graduate Texts in Mathematics},
  url={http://books.google.com/books?id=qea\_OXafBFoC},
  year={1997},
  publisher={Springer New York}
}

@book{ireland2013classical,
  title={A Classical Introduction to Modern Number Theory},
  author={Ireland, K.},
  isbn={9781475717792},
  series={Graduate Texts in Mathematics},
  url={https://books.google.com/books?id=RDzrBwAAQBAJ},
  year={2013},
  publisher={Springer New York}
}

@unpublished{soren1996,
  title={Rational Points on Curves over Finite Fields},
  author={Hansen, Soren Have},
  year={1996},
  note={Available at \url{http://home.math.au.dk/shave/dvi_files/Zeta.pdf}}
}

@book{hartshorne1977algebraic,
  title={Algebraic Geometry},
  author={Hartshorne, R.},
  isbn={9781475738490},
  series={Graduate Texts in Mathematics},
  url={http://books.google.com/books?id=7z4mBQAAQBAJ},
  year={1977},
  publisher={Springer New York}
}
